@article{Mecozzi_2012,
	doi = {10.1109/jlt.2012.2190582},
	%url = {https://doi.org/10.1109%2Fjlt.2012.2190582},
	year = 2012,
	month = {jun},
	publisher = {Institute of Electrical and Electronics Engineers ({IEEE})},
	volume = {30},
	number = {12},
	pages = {2011--2024},
	author = {Antonio Mecozzi and Ren{\'{e}}-Jean Essiambre},
	title = {Nonlinear Shannon Limit in Pseudolinear Coherent Systems},
	journal = {Journal of Lightwave Technology}
}
@article{Dar_2013,
	doi = {10.1364/oe.21.025685},
	%url = {https://doi.org/10.1364%2Foe.21.025685},
	year = 2013,
	month = {oct},
	publisher = {The Optical Society},
	volume = {21},
	number = {22},
	pages = {25685},
	author = {Ronen Dar and Meir Feder and Antonio Mecozzi and Mark Shtaif},
	title = {Properties of nonlinear noise in long, dispersion-uncompensated fiber links},
	journal = {Optics Express}
}
@book{Agrawal,
	year = 2013,
	publisher = {Academic Press},
	author = {Govind P. Agrawal},
	title = {Nonlinear fiber optics},
}
@article{Marcon_2021,
	doi = {10.1109/jlt.2020.3034692},
	%url = {https://doi.org/10.1109%2Fjlt.2020.3034692},
	year = 2021,
	month = {mar},
	publisher = {Institute of Electrical and Electronics Engineers ({IEEE})},
	volume = {39},
	number = {5},
	pages = {1371--1380},
	author = {Gianluca Marcon and Andrea Galtarossa and Luca Palmieri and Marco Santagiustina},
	title = {Model-Aware Deep Learning Method for Raman Amplification in Few-Mode Fibers},
	journal = {Journal of Lightwave Technology}
}
@article{ITU-T,
	 title = {G.694.1 (10/2020)},
	 publisher = {ITU-T},
	 author = {ITU-T}
}
@book{Someda,
	title = {Electromagnetic waves},
	publisher = {CRC press}, 
	author = {Carlo Giacomo Someda},
	year = {2006}
}
