
@article{mecozzi_nonlinear_2012,
	title = {Nonlinear Shannon Limit in Pseudolinear Coherent Systems},
	volume = {30},
	url = {https://doi.org/10.1109%2Fjlt.2012.2190582},
	doi = {10.1109/jlt.2012.2190582},
	pages = {2011--2024},
	number = {12},
	journaltitle = {Journal of Lightwave Technology},
	author = {Mecozzi, Antonio and Essiambre, Ren√©-Jean},
	date = {2012-06},
	note = {Publisher: Institute of Electrical and Electronics Engineers ({IEEE})},
}

@article{dar_properties_2013,
	title = {Properties of nonlinear noise in long, dispersion-uncompensated fiber links},
	volume = {21},
	url = {https://doi.org/10.1364%2Foe.21.025685},
	doi = {10.1364/oe.21.025685},
	pages = {25685},
	number = {22},
	journaltitle = {Optics Express},
	author = {Dar, Ronen and Feder, Meir and Mecozzi, Antonio and Shtaif, Mark},
	date = {2013-10},
	note = {Publisher: The Optical Society},
}

@book{agrawal_nonlinear_2013,
	title = {Nonlinear fiber optics},
	publisher = {Academic Press},
	author = {Agrawal, Govind P.},
	date = {2013},
}